<record><leader>00000cas a2200000Ma 4500</leader><controlfield tag="001">192099113</controlfield><controlfield tag="008">850221d18711887ncuwr ne      0    0eng  </controlfield><datafield ind1=" " ind2=" " tag="010"><subfield code="a">sn 85042050 </subfield></datafield><datafield ind1=" " ind2=" " tag="040"><subfield code="a">DLC</subfield><subfield code="b">eng</subfield><subfield code="c">AQM</subfield><subfield code="d">OCLCQ</subfield></datafield><datafield ind1="0" ind2="0" tag="245"><subfield code="a">Piedmont press.</subfield></datafield><datafield ind1=" " ind2=" " tag="260"><subfield code="a">Hickory, N.C. :</subfield><subfield code="b">J.S. Tomlinson</subfield></datafield><datafield ind1=" " ind2=" " tag="300"><subfield code="a">v. ;</subfield><subfield code="c">60 cm.</subfield></datafield><datafield ind1=" " ind2=" " tag="310"><subfield code="a">Weekly</subfield></datafield><datafield ind1="1" ind2=" " tag="362"><subfield code="a">Began in 1871.</subfield><subfield code="z">Cf. Union list of N.C. newspapers, 1963.</subfield></datafield><datafield ind1="1" ind2=" " tag="362"><subfield code="a">Ceased in 1887?</subfield><subfield code="z">Cf. Amer. newspapers, 1821-1936.</subfield></datafield><datafield ind1=" " ind2=" " tag="500"><subfield code="a">Editor: J.S. Tomlinson, &lt;1876&gt;.</subfield></datafield><datafield ind1=" " ind2=" " tag="500"><subfield code="a">Democratic. Cf. Ayer, 1887.</subfield></datafield><datafield ind1=" " ind2=" " tag="588"><subfield code="a">Description based on: Vol. 6, no. 26 (July 1, 1876).</subfield></datafield><datafield ind1=" " ind2="7" tag="655"><subfield code="a">Newspapers.</subfield><subfield code="2">rbgenr</subfield></datafield><datafield ind1=" " ind2=" " tag="752"><subfield code="a">United States</subfield><subfield code="b">North Carolina</subfield><subfield code="c">Catawba</subfield><subfield code="d">Hickory.</subfield></datafield><datafield ind1="0" ind2="7" tag="785"><subfield code="t">Western Carolinian (Hickory, N.C.)</subfield><subfield code="w">(DLC)sn 85042051</subfield></datafield><datafield ind1="0" ind2="7" tag="785"><subfield code="t">Press and Carolinian</subfield></datafield></record>